<?xml version="1.0" encoding="UTF-8"?><collection xmlns="http://www.loc.gov/MARC21/slim"><record><leader>00667nam--2200205-i-4500</leader><controlfield tag="001">000010159</controlfield><controlfield tag="002">20161230</controlfield><controlfield tag="005">20161230201028</controlfield><controlfield tag="008">060222s1000------------r-----000-0-rus-d</controlfield><datafield ind1=" " ind2=" " tag="040"><subfield code="a">IFIN-HH</subfield></datafield><datafield ind1=" " ind2=" " tag="041"><subfield code="a">rus</subfield></datafield><datafield ind1=" " ind2=" " tag="080"><subfield code="a">539.1:518.5</subfield></datafield><datafield ind1="1" ind2=" " tag="100"><subfield code="a">Alder, Berni</subfield></datafield><datafield ind1="1" ind2="0" tag="245"><subfield code="a">Vicislitelnie metodi v fizike atomnih i molekuliarnih stolknovenii</subfield><subfield code="c">Berni alder, sidney fernbach, manuel rotenberg (eds.)</subfield></datafield><datafield ind1=" " ind2=" " tag="260"><subfield code="a">Moskva</subfield><subfield code="b">Mir</subfield><subfield code="c">1974</subfield></datafield><datafield ind1=" " ind2=" " tag="300"><subfield code="a">387P</subfield></datafield><datafield ind1=" " ind2=" " tag="500"><subfield code="a">Titlul Original In Limba Engleza: Methods In Computational Physics Advances In Research And Applications</subfield></datafield><datafield ind1="1" ind2=" " tag="700"><subfield code="a">Rotenberg, Manuel</subfield><subfield code="e">Ed</subfield></datafield><datafield ind1=" " ind2=" " tag="852"><subfield code="a">42617</subfield><subfield code="c">539</subfield></datafield><datafield ind1=" " ind2=" " tag="CAT"><subfield code="a">Sys</subfield><subfield code="c">20111011</subfield><subfield code="h">085300</subfield></datafield></record></collection>